@article{adga,
author = {Sen, Ouyang and Shi, Xuntao},
year = {2010},
month = {05},
pages = {1 - 4},
title = {Improved Catastrophic Genetic Algorithms And Its Application In Reactive Power Optimization}
}

@article{dc,
author = {Yannibelli, Virginia and Amandi, Analía},
year = {2012},
month = {08},
pages = {8584–8592},
title = {A deterministic crowding evolutionary algorithm to form learning teams in a collaborative learning context},
volume = {39},
booktitle = {Expert Systems with Applications}
}

@article{ga,
author = {Toro, Francisco and Ros, Eduardo and Mota, Sonia and Ortega, Julio},
year = {2006},
month = {03},
pages = {178-89},
title = {Evolutionary Algorithms for Multiobjective and Multimodal Optimization of Diagnostic Schemes},
volume = {53},
booktitle = {IEEE transactions on bio-medical engineering}
}
